@MISC{madoff,
author =       {Ethan Wolff-Mann},
title =        {Madoff Ponzi Scheme Victims to Get Everything Back Up to \$1 Million},
editor =       {time.com},
month =        {October},
year =         {2015},
 howpublished ={\url{http://time.com/money/4080208/madoff-ponzi-scheme-victims-get-million/}}
}


@MISC{fda,
author =       {FDA},
title =        {Frequently Asked Questions about the FDA Drug Approval Process},
editor =       {FDA},
month =        {February},
year =         {2017},
howpublished={\url{https://www.fda.gov/Drugs/ResourcesForYou/SpecialFeatures/ucm279676.htm}}
}

@MISC{bias,
author = {Genevieve Pham-Kanter},
title =        {Conflicts of Interest as a Health Policy Problem: Industry Ties and Bias in Drug Approval},
editor =       {Harvard},
year =         {2014},
howpublished={\url{https://ethics.harvard.edu/conflicts-interest-health-policy-problem-industry-ties-and-bias-drug-approval}}
}
