@MISC{peterson,
    title = {Jordan Peterson LIVE: 12 Rules for Life - An Antidote to Chaos},
    author = {Jordan Peterson and Dave Rubin},
    organization = {Youtube},
month =        {November},
year =         {2017},
 howpublished = {\url{https://www.youtube.com/watch?v=GJJClhqGq_M&t=6220s}},
}
