@misc{nhtsa_fatalities,
title = {2016 Quick Facts},
author = {{U}.{S}. {N}ational {H}ighway {T}raffic {S}afety {A}dministration},
howpublished = {\url{https://crashstats.nhtsa.dot.gov/Api/Public/ViewPublication/812451}},
doi = {},
year = 2017,
}

@misc{aaa,
title = {American Driving Survey, 2015 â€“ 2016},
author = {{AAA} {F}oundation for {T}raffic {S}afety},
howpublished ={\url{http://aaafoundation.org/american-driving-survey-2015-2016/}},
doi = {},
year = 2018,
}

@MISC{uber,
author =       {Matt McFarland},
title =        {Uber self-driving car kills pedestrian in first fatal autonomous crash},
editor =       {money.cnn.com},
month =        {March},
year =         {2018},
day = 19,
howpublished = {\url{https://money.cnn.com/2018/03/19/technology/uber-autonomous-car-fatal-crash/index.html}},
year = 2018,
}

@MISC{tesla,
author =       {Danny Yadron and Dan Tynan},
title =        {Tesla driver dies in first fatal crash while using autopilot mode },
editor =       {theguardian.com},
month =        {June},
year =         {2016},
howpublished = {\url{https://www.theguardian.com/technology/2016/jun/30/tesla-autopilot-death-self-driving-car-elon-musk}},
year = 2018,
}
