@MISC{cdp_report,
author =       {Tess Riley},
title =        {Just 100 companies responsible for 71\% of global emissions, study says},
editor =       {theguardian.com},
month =        {July},
year =         {2017},
day = 10,
howpublished = {\url{https://www.theguardian.com/sustainable-business/2017/jul/10/100-fossil-fuel-companies-investors-responsible-71-global-emissions-cdp-study-climate-change}},
}

@MISC{netgeo,
author =       {Stephen Leahy},
title =        {Hidden Costs of Climate Change Running Hundreds of Billions a Year},
editor =       {nationalgeographic.com},
month =        {September},
year =         {2017},
howpublished = {\url{https://news.nationalgeographic.com/2017/09/climate-change-costs-us-economy-billions-report/}},
}

@MISC{stock,
author =       {Paul Tharp},
title =        {Stormy weather: BPâ€™s stock hits new low},
editor =       {nypost.com},
month =        {June},
year =         {2010},
howpublished = {\url{https://nypost.com/2010/06/26/stormy-weather-bps-stock-hits-new-low/}},
}

@MISC{bp_spill,
author =       {Nathan Bomey},
title =        {BP's Deepwater Horizon costs total \$62B},
editor =       {usatoday.com},
month =        {July},
year =         {2016},
howpublished = {\url{https://www.usatoday.com/story/money/2016/07/14/bp-deepwater-horizon-costs/87087056/}},
}
